@book{adams1995hitchhiker,
  title={The Hitchhiker's Guide to the Galaxy},
  author={Adams, D.},
  isbn={9781417642595},
  url={http://books.google.com/books?id=W-xMPgAACAAJ},
  year={1995},
  publisher={San Val}
}
"@inproceedings{dosovitskiy2015flownet,
  title={Flownet: Learning optical flow with convolutional networks},
  author={Dosovitskiy, Alexey and Fischer, Philipp and Ilg, Eddy and Hausser, Philip and Hazirbas, Caner and Golkov, Vladimir and Van Der Smagt, Patrick and Cremers, Daniel and Brox, Thomas},
  booktitle={Proceedings of the IEEE International Conference on Computer Vision},
  pages={2758--2766},
  year={2015}
}"
"@inproceedings{ilg2017flownet,
  title={Flownet 2.0: Evolution of optical flow estimation with deep networks},
  author={Ilg, Eddy and Mayer, Nikolaus and Saikia, Tonmoy and Keuper, Margret and Dosovitskiy, Alexey and Brox, Thomas},
  booktitle={IEEE conference on computer vision and pattern recognition (CVPR)},
  volume={2},
  pages={6},
  year={2017}
}"
"@article{rahmani2018learning,
  title={Learning a deep model for human action recognition from novel viewpoints},
  author={Rahmani, Hossein and Mian, Ajmal and Shah, Mubarak},
  journal={IEEE transactions on pattern analysis and machine intelligence},
  volume={40},
  number={3},
  pages={667--681},
  year={2018},
  publisher={IEEE}
}"
"@inproceedings{bagautdinov2017social,
  title={Social Scene Understanding: End-to-End Multi-Person Action Localization and Collective Activity Recognition.},
  author={Bagautdinov, Timur M and Alahi, Alexandre and Fleuret, Fran{\c{c}}ois and Fua, Pascal and Savarese, Silvio},
  booktitle={CVPR},
  pages={3425--3434},
  year={2017}
}"
"@inproceedings{sabour2017dynamic,
  title={Dynamic routing between capsules},
  author={Sabour, Sara and Frosst, Nicholas and Hinton, Geoffrey E},
  booktitle={Advances in Neural Information Processing Systems},
  pages={3856--3866},
  year={2017}
}"
"@inproceedings{chen2017semi,
  title={Semi-coupled two-stream fusion convnets for action recognition at extremely low resolutions},
  author={Chen, Jiawei and Wu, Jonathan and Konrad, Janusz and Ishwar, Prakash},
  booktitle={Applications of Computer Vision (WACV), 2017 IEEE Winter Conference on},
  pages={139--147},
  year={2017},
  organization={IEEE}
}"
"@inproceedings{luvizon20182d,
  title={2d/3d pose estimation and action recognition using multitask deep learning},
  author={Luvizon, Diogo C and Picard, David and Tabia, Hedi},
  booktitle={The IEEE Conference on Computer Vision and Pattern Recognition (CVPR)},
  volume={2},
  year={2018}
}"
"@article{oyedotun2017deep,
  title={Deep learning in vision-based static hand gesture recognition},
  author={Oyedotun, Oyebade K and Khashman, Adnan},
  journal={Neural Computing and Applications},
  volume={28},
  number={12},
  pages={3941--3951},
  year={2017},
  publisher={Springer}
}"
"@article{pigou2018beyond,
  title={Beyond temporal pooling: Recurrence and temporal convolutions for gesture recognition in video},
  author={Pigou, Lionel and Van Den Oord, A{\""a}ron and Dieleman, Sander and Van Herreweghe, Mieke and Dambre, Joni},
  journal={International Journal of Computer Vision},
  volume={126},
  number={2-4},
  pages={430--439},
  year={2018},
  publisher={Springer}
}"
"@inproceedings{datta2002person,
  title={Person-on-person violence detection in video data},
  author={Datta, Ankur and Shah, Mubarak and Lobo, N Da Vitoria},
  booktitle={Pattern Recognition, 2002. Proceedings. 16th International Conference on},
  volume={1},
  pages={433--438},
  year={2002},
  organization={IEEE}
}"
"@inproceedings{sun2017lattice,
  title={Lattice Long Short-Term Memory for Human Action Recognition.},
  author={Sun, Lin and Jia, Kui and Chen, Kevin and Yeung, Dit-Yan and Shi, Bertram E and Savarese, Silvio},
  booktitle={ICCV},
  pages={2166--2175},
  year={2017}
}"
"@article{zhang2017view,
  title={View adaptive recurrent neural networks for high performance human action recognition from skeleton data},
  author={Zhang, Pengfei and Lan, Cuiling and Xing, Junliang and Zeng, Wenjun and Xue, Jianru and Zheng, Nanning and others},
  journal={arXiv, no. Mar},
  year={2017}
}"
"@inproceedings{wang2017spatiotemporal,
  title={Spatiotemporal Pyramid Network for Video Action Recognition.},
  author={Wang, Yunbo and Long, Mingsheng and Wang, Jianmin and Philip, S Yu},
  booktitle={CVPR},
  volume={6},
  pages={7},
  year={2017}
}"
"@inproceedings{zhang2017geometric,
  title={On geometric features for skeleton-based action recognition using multilayer lstm networks},
  author={Zhang, Songyang and Liu, Xiaoming and Xiao, Jun},
  booktitle={2017 IEEE Winter Conference on Applications of Computer Vision (WACV)},
  pages={148--157},
  year={2017},
  organization={IEEE}
}"
"@article{afshar2018brain,
  title={Brain tumor type classification via capsule networks},
  author={Afshar, Parnian and Mohammadi, Arash and Plataniotis, Konstantinos N},
  journal={arXiv preprint arXiv:1802.10200},
  year={2018}
}"
"@article{zhu2018ev,
  title={EV-FlowNet: Self-Supervised Optical Flow Estimation for Event-based Cameras},
  author={Zhu, Alex Zihao and Yuan, Liangzhe and Chaney, Kenneth and Daniilidis, Kostas},
  journal={arXiv preprint arXiv:1802.06898},
  year={2018}
}"
"@inproceedings{xiao2017human,
  title={Human action recognition using autoencoder},
  author={Xiao, Qinkun and Si, Yang},
  booktitle={Computer and Communications (ICCC), 2017 3rd IEEE International Conference on},
  pages={1672--1675},
  year={2017},
  organization={IEEE}
}"
"@inproceedings{li2017end,
  title={End-to-end learning of deep convolutional neural network for 3D human action recognition},
  author={Li, Chao and Sun, Shouqian and Min, Xin and Lin, Wenqian and Nie, Binling and Zhang, Xianfu and others},
  booktitle={2017 IEEE International Conference on Multimedia \& Expo Workshops (ICMEW)},
  pages={609--612},
  year={2017},
  organization={IEEE}
}"
"@article{li2018action,
  title={Action-Attending Graphic Neural Network},
  author={Li, Chaolong and Cui, Zhen and Zheng, Wenming and Xu, Chunyan and Ji, Rongrong and Yang, Jian},
  journal={IEEE Transactions on Image Processing},
  volume={27},
  number={7},
  pages={3657--3670},
  year={2018},
  publisher={IEEE}
}"
"@article{lalonde2018capsules,
  title={Capsules for Object Segmentation},
  author={LaLonde, Rodney and Bagci, Ulas},
  journal={arXiv preprint arXiv:1804.04241},
  year={2018}
}"
"@inproceedings{jegou2017one,
  title={The one hundred layers tiramisu: Fully convolutional densenets for semantic segmentation},
  author={J{\'e}gou, Simon and Drozdzal, Michal and Vazquez, David and Romero, Adriana and Bengio, Yoshua},
  booktitle={Computer Vision and Pattern Recognition Workshops (CVPRW), 2017 IEEE Conference on},
  pages={1175--1183},
  year={2017},
  organization={IEEE}
}"
"@inproceedings{baccouche2011sequential,
  title={Sequential deep learning for human action recognition},
  author={Baccouche, Moez and Mamalet, Franck and Wolf, Christian and Garcia, Christophe and Baskurt, Atilla},
  booktitle={International Workshop on Human Behavior Understanding},
  pages={29--39},
  year={2011},
  organization={Springer}
}"
"@inproceedings{yue2015beyond,
  title={Beyond short snippets: Deep networks for video classification},
  author={Yue-Hei Ng, Joe and Hausknecht, Matthew and Vijayanarasimhan, Sudheendra and Vinyals, Oriol and Monga, Rajat and Toderici, George},
  booktitle={Proceedings of the IEEE conference on computer vision and pattern recognition},
  pages={4694--4702},
  year={2015}
}"
"@inproceedings{wu2015modeling,
  title={Modeling spatial-temporal clues in a hybrid deep learning framework for video classification},
  author={Wu, Zuxuan and Wang, Xi and Jiang, Yu-Gang and Ye, Hao and Xue, Xiangyang},
  booktitle={Proceedings of the 23rd ACM international conference on Multimedia},
  pages={461--470},
  year={2015},
  organization={ACM}
}"
"@article{zhang2018semi,
  title={Semi-supervised dictionary learning via local sparse constraints for violence detection},
  author={Zhang, Tao and Jia, Wenjing and Gong, Chen and Sun, Jun and Song, Xiaoning},
  journal={Pattern recognition letters},
  volume={107},
  pages={98--104},
  year={2018},
  publisher={Elsevier}
}"
"@inproceedings{szegedy2015going,
  title={Going deeper with convolutions},
  author={Szegedy, Christian and Liu, Wei and Jia, Yangqing and Sermanet, Pierre and Reed, Scott and Anguelov, Dragomir and Erhan, Dumitru and Vanhoucke, Vincent and Rabinovich, Andrew},
  booktitle={Proceedings of the IEEE conference on computer vision and pattern recognition},
  pages={1--9},
  year={2015}
}"
"@inproceedings{he2016deep,
  title={Deep residual learning for image recognition},
  author={He, Kaiming and Zhang, Xiangyu and Ren, Shaoqing and Sun, Jian},
  booktitle={Proceedings of the IEEE conference on computer vision and pattern recognition},
  pages={770--778},
  year={2016}
}"
"@inproceedings{ren2015faster,
  title={Faster r-cnn: Towards real-time object detection with region proposal networks},
  author={Ren, Shaoqing and He, Kaiming and Girshick, Ross and Sun, Jian},
  booktitle={Advances in neural information processing systems},
  pages={91--99},
  year={2015}
}"
"@inproceedings{nievas2011violence,
  title={Violence detection in video using computer vision techniques},
  author={Nievas, Enrique Bermejo and Suarez, Oscar Deniz and Garc{\'\i}a, Gloria Bueno and Sukthankar, Rahul},
  booktitle={International conference on Computer analysis of images and patterns},
  pages={332--339},
  year={2011},
  organization={Springer}
}"
"@inproceedings{xiao2017action,
  title={Action Recognition Based on Graph Model Inference},
  author={Xiao, Qinkun and Zhao, Yidan},
  booktitle={Computational Intelligence and Design (ISCID), 2017 10th International Symposium on},
  volume={2},
  pages={93--96},
  year={2017},
  organization={IEEE}
}"
"@inproceedings{wang2016temporal,
  title={Temporal segment networks: Towards good practices for deep action recognition},
  author={Wang, Limin and Xiong, Yuanjun and Wang, Zhe and Qiao, Yu and Lin, Dahua and Tang, Xiaoou and Van Gool, Luc},
  booktitle={European Conference on Computer Vision},
  pages={20--36},
  year={2016},
  organization={Springer}
}"
"@inproceedings{pang2017cascade,
  title={Cascade Residual Learning: A Two-Stage Convolutional Neural Network for Stereo Matching.},
  author={Pang, Jiahao and Sun, Wenxiu and Ren, Jimmy SJ and Yang, Chengxi and Yan, Qiong},
  booktitle={ICCV Workshops},
  volume={7},
  number={8},
  year={2017}
}"
"@article{edwards2016graph,
  title={Graph based convolutional neural network},
  author={Edwards, Michael and Xie, Xianghua},
  journal={arXiv preprint arXiv:1609.08965},
  year={2016}
}"
"@inproceedings{weinzaepfel2013deepflow,
  title={DeepFlow: Large displacement optical flow with deep matching},
  author={Weinzaepfel, Philippe and Revaud, Jerome and Harchaoui, Zaid and Schmid, Cordelia},
  booktitle={Proceedings of the IEEE International Conference on Computer Vision},
  pages={1385--1392},
  year={2013}
}"
"@article{shi2017sequential,
  title={Sequential deep trajectory descriptor for action recognition with three-stream CNN},
  author={Shi, Yemin and Tian, Yonghong and Wang, Yaowei and Huang, Tiejun},
  journal={IEEE Transactions on Multimedia},
  volume={19},
  number={7},
  pages={1510--1520},
  year={2017},
  publisher={IEEE}
}"